<record><leader>00000cas a22000007a 4500</leader><controlfield tag="001">24639513</controlfield><controlfield tag="008">911029d189619uuncuwn ne      0    0eng d</controlfield><controlfield tag="009">13381</controlfield><datafield ind1=" " ind2=" " tag="010"><subfield code="a">sn 91068416 </subfield></datafield><datafield ind1=" " ind2=" " tag="040"><subfield code="a">NVJ</subfield><subfield code="b">eng</subfield><subfield code="c">NVJ</subfield></datafield><datafield ind1=" " ind2=" " tag="042"><subfield code="a">msc</subfield></datafield><datafield ind1="0" ind2="4" tag="245"><subfield code="a">The Hickory press.</subfield></datafield><datafield ind1=" " ind2=" " tag="260"><subfield code="a">Hickory, N.C. :</subfield><subfield code="b">Hickory Print. Co.,</subfield></datafield><datafield ind1=" " ind2=" " tag="300"><subfield code="a">v.</subfield></datafield><datafield ind1=" " ind2=" " tag="310"><subfield code="a">Weekly (except Christmas)</subfield></datafield><datafield ind1="0" ind2=" " tag="362"><subfield code="a">Vol. 27, no. 15 (Apr. 9, 1896)-</subfield></datafield><datafield ind1=" " ind2=" " tag="752"><subfield code="a">United States</subfield><subfield code="b">North Carolina</subfield><subfield code="c">Catawba</subfield><subfield code="d">Hickory.</subfield></datafield><datafield ind1="0" ind2="0" tag="780"><subfield code="t">Press and Carolinian</subfield><subfield code="w">(DLC)sn 91099168</subfield></datafield><datafield ind1="0" ind2="7" tag="785"><subfield code="t">Hickory Democrat (Hickory, N.C.)</subfield></datafield><datafield ind1="0" ind2="7" tag="785"><subfield code="t">Hickory Democrat and press</subfield><subfield code="w">(DLC)sn 91068408</subfield></datafield></record>